@inproceedings{phillips2012graphs,
  title={E-Graphs: Bootstrapping Planning with Experience Graphs.},
  author={Phillips, Mike and Cohen, Benjamin J and Chitta, Sachin and Likhachev, Maxim},
  booktitle={Robotics: Science and Systems},
  year={2012}
}

@article{bonet2001planning,
  title={Planning as heuristic search},
  author={Bonet, Blai and Geffner, H{\'e}ctor},
  journal={Artificial Intelligence},
  volume={129},
  number={1},
  pages={5--33},
  year={2001},
  publisher={Elsevier}
}
